<record xmlns="http://www.loc.gov/MARC21/slim" xmlns:xsi="http://www.w3.org/2001/XMLSchema-instance" xsi:schemaLocation="http://www.loc.gov/MARC21/slim http://www.loc.gov/standards/marcxml/schema/MARC21slim.xsd">

  <leader>00823nam a2200205   4500</leader>
  <datafield ind2=" " ind1=" " tag="999">
    <subfield code="c">3521</subfield>
    <subfield code="d">3521</subfield>
  </datafield>
  <controlfield tag="008">180628b2012    a  a|||| |||| 00| | spa d</controlfield>
  <datafield tag="020" ind1=" " ind2=" ">
    <subfield code="a">9789500009256</subfield>
  </datafield>
  <datafield tag="090" ind1=" " ind2=" ">
    <subfield code="a">06.03.07</subfield>
    <subfield code="b">2459</subfield>
  </datafield>
  <datafield ind2=" " ind1=" " tag="100">
    <subfield code="9">3813</subfield>
    <subfield code="a">Diez, Marcelo Alejandro</subfield>
  </datafield>
  <datafield ind2="3" ind1="1" tag="245">
    <subfield code="a">La multiplicidad de la vida / </subfield>
    <subfield code="c">Marcelo Alejandro Diez, Claudia Liliana Ochoa, Nicolás Loizaga de Castro, Beatriz Royo Volta, Fernando Jorge Bedetti</subfield>
  </datafield>
  <datafield ind1=" " tag="260" ind2=" ">
    <subfield code="a">Buenos Aires, Argentina :</subfield>
    <subfield code="b">Ministerio de Educación de la Nación,</subfield>
    <subfield code="c">Impresión de 2012</subfield>
  </datafield>
  <datafield ind2=" " tag="300" ind1=" ">
    <subfield code="a">140 p{aginas;</subfield>
    <subfield code="b">ilustraciones</subfield>
  </datafield>
  <datafield ind1=" " tag="490" ind2=" ">
    <subfield code="a">Escritura en ciencias,</subfield>
    <subfield code="v">4</subfield>
  </datafield>
  <datafield ind1="1" tag="650" ind2="4">
    <subfield code="9">996</subfield>
    <subfield code="a">ENSEÑANZA DE LAS CIENCIAS </subfield>
  </datafield>
  <datafield tag="700" ind1=" " ind2=" ">
    <subfield code="9">3814</subfield>
    <subfield code="a">Ochoa, Claudia Liliana</subfield>
  </datafield>
  <datafield ind2=" " ind1=" " tag="700">
    <subfield code="9">3815</subfield>
    <subfield code="a">Loizaga de Castro, Nicolás</subfield>
  </datafield>
  <datafield ind2=" " tag="700" ind1=" ">
    <subfield code="9">3816</subfield>
    <subfield code="a">Royo Volta, Beatriz</subfield>
  </datafield>
  <datafield tag="700" ind1=" " ind2=" ">
    <subfield code="9">3817</subfield>
    <subfield code="a">Bedetti, Fernando Jorge</subfield>
  </datafield>
  <datafield ind2=" " tag="942" ind1=" ">
    <subfield code="2">z</subfield>
    <subfield code="c">01</subfield>
  </datafield>
</record>